<record><leader>00000cas a22000007a 4500</leader><controlfield tag="001">12156598</controlfield><controlfield tag="008">850614d19161974ncudn ne      0    0eng  </controlfield><controlfield tag="009">466</controlfield><datafield ind1=" " ind2=" " tag="010"><subfield code="a">sn 85042327 </subfield></datafield><datafield ind1=" " ind2=" " tag="040"><subfield code="a">DLC</subfield><subfield code="b">eng</subfield><subfield code="c">DLC</subfield><subfield code="d">NPH</subfield><subfield code="d">NVJ</subfield><subfield code="d">DLC</subfield><subfield code="d">OCLCO</subfield><subfield code="d">OCLCF</subfield></datafield><datafield ind1="1" ind2=" " tag="029"><subfield code="a">AU@</subfield><subfield code="b">000020379974</subfield></datafield><datafield ind1=" " ind2=" " tag="042"><subfield code="a">msc</subfield></datafield><datafield ind1="0" ind2="0" tag="245"><subfield code="a">Twin City sentinel.</subfield></datafield><datafield ind1=" " ind2=" " tag="260"><subfield code="a">Winston-Salem, N.C. :</subfield><subfield code="b">Winston-Salem Sentinel Co.,</subfield></datafield><datafield ind1=" " ind2=" " tag="300"><subfield code="a">v. :</subfield><subfield code="b">ill. ;</subfield><subfield code="c">59-60 cm.</subfield></datafield><datafield ind1=" " ind2=" " tag="310"><subfield code="a">Daily (except Sunday)</subfield></datafield><datafield ind1="0" ind2=" " tag="362"><subfield code="a">33rd yr. (Aug. 15, 1916)-72nd yr., no. 11 (May 16, 1956); 101st yr. = 72nd yr., no. 12 (May 17, 1956)-119th yr. = 90th yr. no. 127 (Sept. 28, 1974).</subfield></datafield><datafield ind1=" " ind2=" " tag="500"><subfield code="a">Independent.</subfield></datafield><datafield ind1=" " ind2=" " tag="500"><subfield code="a">Publisher: Piedmont Pub. Co., &lt;1938-1945&gt;.</subfield></datafield><datafield ind1=" " ind2=" " tag="500"><subfield code="a">Published as the afternoon ed. of the Winston-Salem journal, Feb. 8, 1927-Sept. 28, 1974.</subfield></datafield><datafield ind1=" " ind2=" " tag="580"><subfield code="a">Semiweekly ed.: Western sentinel (Winston-Salem, N.C. : 1887), Aug. 15, 1916-Sept. 21, 1926.</subfield></datafield><datafield ind1=" " ind2="0" tag="651"><subfield code="a">Winston-Salem (N.C.)</subfield><subfield code="v">Newspapers.</subfield></datafield><datafield ind1=" " ind2="0" tag="651"><subfield code="a">Forsyth County (N.C.)</subfield><subfield code="v">Newspapers.</subfield></datafield><datafield ind1=" " ind2="7" tag="655"><subfield code="a">Newspapers.</subfield><subfield code="2">fast</subfield><subfield code="0">(OCoLC)fst01423814</subfield></datafield><datafield ind1=" " ind2="7" tag="651"><subfield code="a">North Carolina</subfield><subfield code="z">Forsyth County.</subfield><subfield code="2">fast</subfield><subfield code="0">(OCoLC)fst01207435</subfield></datafield><datafield ind1=" " ind2="7" tag="651"><subfield code="a">North Carolina</subfield><subfield code="z">Winston-Salem.</subfield><subfield code="2">fast</subfield><subfield code="0">(OCoLC)fst01206125</subfield></datafield><datafield ind1=" " ind2=" " tag="752"><subfield code="a">United States</subfield><subfield code="b">North Carolina</subfield><subfield code="c">Forsyth</subfield><subfield code="d">Winston-Salem.</subfield></datafield><datafield ind1="1" ind2=" " tag="775"><subfield code="t">Western sentinel (Winston-Salem, N.C. : 1887)</subfield><subfield code="w">(DLC)sn 92073232</subfield></datafield><datafield ind1="0" ind2="0" tag="780"><subfield code="t">Twin-City daily sentinel</subfield><subfield code="w">(DLC)sn 92073176</subfield></datafield><datafield ind1="0" ind2="0" tag="785"><subfield code="t">Sentinel (Winston-Salem, N.C.)</subfield><subfield code="w">(DLC)sn 85042328</subfield></datafield><datafield ind1="0" ind2="5" tag="785"><subfield code="t">Winston-Salem journal</subfield><subfield code="w">(DLC)sn 85042325</subfield></datafield></record>